@inproceedings{hatzivassiloglou1997predicting,
  title={Predicting the semantic orientation of adjectives},
  author={Hatzivassiloglou, Vasileios and McKeown, Kathleen R},
  booktitle={Proceedings of the 35th Annual Meeting of the Association for Computational Linguistics and Eighth Conference of the European Chapter of the Association for Computational Linguistics},
  pages={174--181},
  year={1997},
  organization={Association for Computational Linguistics}
}

@incollection{liu2012survey,
  title={A survey of opinion mining and sentiment analysis},
  author={Liu, Bing and Zhang, Lei},
  booktitle={Mining Text Data},
  pages={415--463},
  year={2012},
  publisher={Springer}
}

@inproceedings{hu2004mining,
  title={Mining and summarizing customer reviews},
  author={Hu, Minqing and Liu, Bing},
  booktitle={Proceedings of the tenth ACM SIGKDD international conference on Knowledge discovery and data mining},
  pages={168--177},
  year={2004},
  organization={ACM}
}

@inproceedings{jakob2010extracting,
  title={Extracting opinion targets in a single-and cross-domain setting with conditional random fields},
  author={Jakob, Niklas and Gurevych, Iryna},
  booktitle={Proceedings of the 2010 Conference on Empirical Methods in Natural Language Processing},
  pages={1035--1045},
  year={2010},
  organization={Association for Computational Linguistics}
}

@inproceedings{jin2009opinionminer,
  title={OpinionMiner: a novel machine learning system for web opinion mining and extraction},
  author={Jin, Wei and Ho, Hung Hay and Srihari, Rohini K},
  booktitle={Proceedings of the 15th ACM SIGKDD international conference on Knowledge discovery and data mining},
  pages={1195--1204},
  year={2009},
  organization={ACM}
}

@inproceedings{su2008hidden,
  title={Hidden sentiment association in chinese web opinion mining},
  author={Su, Qi and Xu, Xinying and Guo, Honglei and Guo, Zhili and Wu, Xian and Zhang, Xiaoxun and Swen, Bin and Su, Zhong},
  booktitle={Proceedings of the 17th international conference on World Wide Web},
  pages={959--968},
  year={2008},
  organization={ACM}
}

@inproceedings{titov2008modeling,
  title={Modeling online reviews with multi-grain topic models},
  author={Titov, Ivan and McDonald, Ryan},
  booktitle={Proceedings of the 17th international conference on World Wide Web},
  pages={111--120},
  year={2008},
  organization={ACM}
}

@inproceedings{brody2010unsupervised,
  title={An unsupervised aspect-sentiment model for online reviews},
  author={Brody, Samuel and Elhadad, Noemie},
  booktitle={Human Language Technologies: The 2010 Annual Conference of the North American Chapter of the Association for Computational Linguistics},
  pages={804--812},
  year={2010},
  organization={Association for Computational Linguistics}
}

@inproceedings{zhao2010jointly,
  title={Jointly modeling aspects and opinions with a MaxEnt-LDA hybrid},
  author={Zhao, Wayne Xin and Jiang, Jing and Yan, Hongfei and Li, Xiaoming},
  booktitle={Proceedings of the 2010 Conference on Empirical Methods in Natural Language Processing},
  pages={56--65},
  year={2010},
  organization={Association for Computational Linguistics}
}

@inproceedings{ding2008holistic,
  title={A holistic lexicon-based approach to opinion mining},
  author={Ding, Xiaowen and Liu, Bing and Yu, Philip S},
  booktitle={Proceedings of the 2008 International Conference on Web Search and Data Mining},
  pages={231--240},
  year={2008},
  organization={ACM}
}

@article{blei2003latent,
  title={Latent dirichlet allocation},
  author={Blei, David M and Ng, Andrew Y and Jordan, Michael I},
  journal={the Journal of machine Learning research},
  volume={3},
  pages={993--1022},
  year={2003},
  publisher={JMLR. org}
}

@inproceedings{chang2009relational,
  title={Relational topic models for document networks},
  author={Chang, Jonathan and Blei, David M},
  booktitle={International Conference on Artificial Intelligence and Statistics},
  pages={81--88},
  year={2009}
}

@inproceedings{rosen2004author,
  title={The author-topic model for authors and documents},
  author={Rosen-Zvi, Michal and Griffiths, Thomas and Steyvers, Mark and Smyth, Padhraic},
  booktitle={Proceedings of the 20th conference on Uncertainty in artificial intelligence},
  pages={487--494},
  year={2004},
  organization={AUAI Press}
}

@inproceedings{blei2006dynamic,
  title={Dynamic topic models},
  author={Blei, David M and Lafferty, John D},
  booktitle={Proceedings of the 23rd international conference on Machine learning},
  pages={113--120},
  year={2006},
  organization={ACM}
}

@article{wang2012continuous,
  title={Continuous time dynamic topic models},
  author={Wang, Chong and Blei, David and Heckerman, David},
  journal={arXiv preprint arXiv:1206.3298},
  year={2012}
}

@inproceedings{wang2006topics,
  title={Topics over time: a non-Markov continuous-time model of topical trends},
  author={Wang, Xuerui and McCallum, Andrew},
  booktitle={Proceedings of the 12th ACM SIGKDD international conference on Knowledge discovery and data mining},
  pages={424--433},
  year={2006},
  organization={ACM}
}

@inproceedings{ahmed2012timeline,
  title={Timeline: A dynamic hierarchical Dirichlet process model for recovering birth/death and evolution of topics in text stream},
  author={Ahmed, Amr and Xing, Eric P},
  booktitle={Uncertainty in Artificial Intelligence3},
  organization={AUAI},
  year={2010}
}